<record><leader>00000cas a22000007a 4500</leader><controlfield tag="001">33630657</controlfield><controlfield tag="008">951121d19911994maumr ne      0    0por d</controlfield><datafield ind1=" " ind2=" " tag="010"><subfield code="a">sn 95068688 </subfield></datafield><datafield ind1=" " ind2=" " tag="040"><subfield code="a">MGN</subfield><subfield code="b">eng</subfield><subfield code="c">MGN</subfield><subfield code="d">OCLCQ</subfield><subfield code="d">OCLCF</subfield><subfield code="d">OCLCO</subfield><subfield code="d">OCLCQ</subfield></datafield><datafield ind1="0" ind2=" " tag="041"><subfield code="a">por</subfield><subfield code="a">eng</subfield></datafield><datafield ind1=" " ind2=" " tag="042"><subfield code="a">msc</subfield></datafield><datafield ind1=" " ind2=" " tag="043"><subfield code="a">n-us-ma</subfield></datafield><datafield ind1="0" ind2="4" tag="245"><subfield code="a">The Brazilian monthly.</subfield></datafield><datafield ind1=" " ind2=" " tag="260"><subfield code="a">Boston [Mass.] :</subfield><subfield code="b">Heloisa Souza &amp; Flavia Smith</subfield></datafield><datafield ind1=" " ind2=" " tag="300"><subfield code="a">volumes</subfield></datafield><datafield ind1=" " ind2=" " tag="310"><subfield code="a">Monthly</subfield></datafield><datafield ind1=" " ind2=" " tag="336"><subfield code="a">text</subfield><subfield code="b">txt</subfield><subfield code="2">rdacontent</subfield></datafield><datafield ind1=" " ind2=" " tag="337"><subfield code="a">unmediated</subfield><subfield code="b">n</subfield><subfield code="2">rdamedia</subfield></datafield><datafield ind1=" " ind2=" " tag="338"><subfield code="a">volume</subfield><subfield code="b">nc</subfield><subfield code="2">rdacarrier</subfield></datafield><datafield ind1="0" ind2=" " tag="362"><subfield code="a">Ano 1, no. 0 (Sept. 1991)-ano 3, no. 28 (Oct. 1994).</subfield></datafield><datafield ind1=" " ind2=" " tag="500"><subfield code="a">Editors: Heloisa Souza and Flavia Smith.</subfield></datafield><datafield ind1=" " ind2=" " tag="515"><subfield code="a">Suspended June 1993; resumed Nov. 1993.</subfield></datafield><datafield ind1=" " ind2=" " tag="515"><subfield code="a">Suspended Dec. 1993; resumed Feb. 1994.</subfield></datafield><datafield ind1=" " ind2=" " tag="515"><subfield code="a">No issue published for Sept. 1994.</subfield></datafield><datafield ind1=" " ind2=" " tag="525"><subfield code="a">Brasileirinho, a supplement, published Jan./Feb.-Apr./May/June 1992 and May 1994.</subfield></datafield><datafield ind1=" " ind2=" " tag="546"><subfield code="a">In Portuguese and English.</subfield></datafield><datafield ind1=" " ind2="0" tag="650"><subfield code="a">Brazilians</subfield><subfield code="z">Massachusetts</subfield><subfield code="v">Newspapers.</subfield></datafield><datafield ind1=" " ind2="0" tag="650"><subfield code="a">Brazilian Americans</subfield><subfield code="z">Massachusetts</subfield><subfield code="v">Newspapers.</subfield></datafield><datafield ind1=" " ind2="7" tag="650"><subfield code="a">Brazilian Americans.</subfield><subfield code="2">fast</subfield><subfield code="0">(OCoLC)fst00838091</subfield></datafield><datafield ind1=" " ind2="7" tag="650"><subfield code="a">Brazilians.</subfield><subfield code="2">fast</subfield><subfield code="0">(OCoLC)fst00838162</subfield></datafield><datafield ind1=" " ind2="7" tag="651"><subfield code="a">Massachusetts.</subfield><subfield code="2">fast</subfield><subfield code="0">(OCoLC)fst01204307</subfield></datafield><datafield ind1=" " ind2="7" tag="655"><subfield code="a">Newspapers.</subfield><subfield code="2">fast</subfield><subfield code="0">(OCoLC)fst01423814</subfield></datafield><datafield ind1=" " ind2=" " tag="752"><subfield code="a">United States</subfield><subfield code="b">Massachusetts</subfield><subfield code="c">Suffolk</subfield><subfield code="d">Boston.</subfield></datafield><datafield ind1="1" ind2=" " tag="029"><subfield code="a">AU@</subfield><subfield code="b">000025891708</subfield></datafield></record>